@book{spivakManifold,
   title =     {Calculus on manifolds},
   author =    {Michael Spivak},
   publisher = {Westview Press},
   isbn =      {9780805390216; 0805390219},
   year =      {1995},
   edition =   {5}
}

@book{apostolANT,
   title =     {Introduction to analytic number theory},
   author =    {Tom M. Apostol},
   publisher = {Springer},
   isbn =      {9780387901633; 0387901639},
   year =      {1976},
   series =    {Undergraduate Texts in Mathematics},
   edition =   {1st}
}

@book{bruntVariations,
   title =     {The calculus of variations},
   author =    {Bruce van Brunt},
   publisher = {Springer},
   isbn =      {9780387402475; 0387402470},
   year =      {2004},
   series =    {Universitext},
   edition =   {1}
}

@book{hermanDiffGeo,
   title =     {Differential Geometry and the Calculus of Variations},
   author =    {Robert Hermann},
   publisher = {Academic Press},
   isbn =      {9780123421500; 0123421500},
   year =      {1968},
   series =    {Mathematics in Science and Engineering 49},
   edition =   {1st}
}
